@article{fakeauthor2022article,
    title={Fake Title on Fake Research Methods},
    author={Fake Author 1 and Fake Author 2},
    journal={Journal of Made-Up Studies},
    volume={45},
    number={3},
    pages={123--145},
    year={2022},
    publisher={Nonexistent Publishing House}
}

@book{fakeauthor2021book,
    title={A Completely Fake Book on AI},
    author={Fake Author 3},
    year={2021},
    publisher={FakePress},
    edition={1st},
    address={Nowhere City}
}

@inproceedings{fakeauthor2020conference,
    title={Proceedings of the Totally Fake AI Conference},
    author={Fake Author 4},
    booktitle={Proceedings of the 2020 Fake International Conference on Artificial Intelligence},
    pages={100--110},
    year={2020},
    organization={Institute of Fake Science}
}

@techreport{fakeauthor2019report,
    title={A Study on Nonexistent AI Techniques},
    author={Fake Author 5},
    year={2019},
    institution={Institute of Fictional Research},
    number={TR-19-1001}
}

@phdthesis{fakeauthor2018thesis,
    title={An Exploration of Fake Algorithms in Deep Learning},
    author={Fake Author 6},
    year={2018},
    school={University of Imaginary Knowledge},
    type={Ph.D. Thesis}
}

@misc{fakeauthor2021website,
    title={How to Make Fake Information Look Real},
    author={Fake Author 7},
    howpublished={\url{https://www.fakeinfo.org/fake-guide}},
    note={Accessed: 2021-10-05},
    year={2021}
}

@misc{fakeauthor2022github,
    title={Fake AI Repository for Research Purposes},
    author={Fake Author 8},
    howpublished={\url{https://github.com/fakeauthor/fake-research}},
    note={GitHub Repository},
    year={2022}
}

@incollection{fakeauthor2017chapter,
    title={A Chapter on Fake Data and Its Uses in AI},
    author={Fake Author 9},
    booktitle={Advances in Completely Fake Data Science},
    pages={45--60},
    publisher={Pretend Press},
    year={2017}
}

@conference{fakeauthor2023workshop,
    title={AI Ethics in the Era of Fake News},
    author={Fake Author 10},
    booktitle={Workshop on Fake Ethics and AI},
    pages={25--30},
    year={2023},
    organization={Fictional Ethics Society}
}

@manual{fakeauthor2020manual,
    title={A Fake Manual on Deep Learning},
    author={Fake Author 11},
    year={2020},
    organization={Manual Publishing House},
    edition={2nd},
    address={Imaginary Location}
}

@misc{SJSUWritingCenterIntroduction,
  author = {San José State University Writing Center},
  title = {Introduction of Research Papers},
  howpublished = {\url{https://www.sjsu.edu/writingcenter/docs/handouts/Introduction%20of%20Research%20Papers.pdf}}
}

@misc{Animatas2023,
    author = {Animatas},
    title = {How to Prepare Your Related Work Section},
    year = {2023},
    url = {https://www.animatas.eu/how-to-related-work/},
    note = {Accessed 2023}
}

@misc{SJSUWritingCenterProposedMethod,
    author = {San José State University Writing Center},
    title = {Introduction of Research Papers},
    howpublished = {\url{https://www.sjsu.edu/writingcenter/docs/handouts/Methodology.pdf}}
}

@misc{SJSUWritingCenterResults,
    author = {San José State University Writing Center},
    title = {Introduction of Research Papers},
    howpublished = {\url{https://www.sjsu.edu/writingcenter/docs/handouts/Results%20Section%20for%20Research%20Papers.pdf}}
}

@misc{SJSUWritingCenterDiscussion,
    author = {San José State University Writing Center},
    title = {Introduction of Research Papers},
    howpublished = {\url{https://www.sjsu.edu/writingcenter/docs/handouts/Discussion%20Section%20for%20Research%20Papers.pdf}}
}

@misc{SJSUWritingCenterConclusion,
    author = {San José State University Writing Center},
    title = {Introduction of Research Papers},
    howpublished = {\url{https://www.sjsu.edu/writingcenter/docs/handouts/Conclusions.pdf}}
}

@misc{SJSUWritingAbstract,
    author = {San José State University Writing Center},
    title = {Introduction of Research Papers},
    howpublished = {\url{https://www.sjsu.edu/writingcenter/docs/handouts/Abstracts.pdf}}
}
